@article{Dunne:2006,
	author={Eileen Dunne and Carrie Nielson and Katherine Stone and Lauri Markowitz and Anna Guiliano},
	title={Prevalence of {HPV} infection among men: A systematic review of the literature},
	journal={JID},
	volume={194},
	year=2006
}

@article{Goldstone:2011,
	author={Stephen Goldstone and Joel Palefsky and Anna Giuliano and Edson Moreira and Carlos Aranda and Heiko Jessen and Richard Hillman and Daron Ferris and Francois Coutlee and Kai-Li Liaw and Brooke Marshall and Xuehong Zhang and Scott Vuocolo and Eliav Barr and Richard Haupt and Dayla Guris and Elizabeth Garner},
	title = {Prevalence of and Risk factors for Human papillomavirus {(HPV)} infection among {HIV}-seronegative men who have sex with men},
	journal={JID},
	volume=203,
	year=2011
}


@article{Markowitz:2013,
	author = {Lauri Markowitz and Susan Hariri and Carol Lin and Eileen Dunne and Martin Steinau and Geraldine McQuillan and Elizabeth Unger},
	title={Reducation in Human Papillomavirus {(HPV)} Prevalence amoung young women following {HPV} Vaccine introduction in the {U}nited {S}tates, {N}ational {H}ealth and {N}utrition {E}xamination {S}urveys, 2003-2010},
	journal={JID},
	volume=208,
	year=2003	
}

@article{Hello,
	author={Spencer Hunt},
	title={Hello, My name is {S}pencer {H}unt},
	year=2016,
	journal={My very own computer},
	volume=1
}
	